<?xml version="1.0" encoding="UTF-8"?><record xmlns="http://www.loc.gov/MARC21/slim" xmlns:cinclude="http://apache.org/cocoon/include/1.0" xmlns:zs="http://www.loc.gov/zing/srw/">
  <leader>01382cz  a2200253n  4500</leader>
  <controlfield tag="001">no2014091592</controlfield>
  <controlfield tag="003">DLC</controlfield>
  <controlfield tag="005">20140715073857.0</controlfield>
  <controlfield tag="008">140709n| azannaabn          |a aaa     c</controlfield>
  <datafield tag="010" ind1=" " ind2=" ">
    <subfield code="a">no2014091592</subfield>
  </datafield>
  <datafield tag="035" ind1=" " ind2=" ">
    <subfield code="a">(OCoLC)oca09904067</subfield>
  </datafield>
  <datafield tag="040" ind1=" " ind2=" ">
    <subfield code="a">ABAU</subfield>
    <subfield code="b">eng</subfield>
    <subfield code="e">rda</subfield>
    <subfield code="c">ABAU</subfield>
    <subfield code="d">ABAU</subfield>
  </datafield>
  <datafield tag="046" ind1=" " ind2=" ">
    <subfield code="f">1946</subfield>
  </datafield>
  <datafield tag="100" ind1="1" ind2=" ">
    <subfield code="a">Ruehlmann, William,</subfield>
    <subfield code="d">1946-</subfield>
  </datafield>
  <datafield tag="370" ind1=" " ind2=" ">
    <subfield code="a">Cincinnati (Ohio)</subfield>
    <subfield code="2">naf</subfield>
  </datafield>
  <datafield tag="372" ind1=" " ind2=" ">
    <subfield code="a">Journalism</subfield>
    <subfield code="a">Journalism--Study and teaching (Higher)</subfield>
    <subfield code="a">Authorship</subfield>
    <subfield code="2">lcsh</subfield>
  </datafield>
  <datafield tag="373" ind1=" " ind2=" ">
    <subfield code="a">American University (Washington, D.C.)</subfield>
    <subfield code="a">University of Arizona</subfield>
    <subfield code="a">University of Cincinnati</subfield>
    <subfield code="2">naf</subfield>
  </datafield>
  <datafield tag="373" ind1=" " ind2=" ">
    <subfield code="a">Virginia Wesleyan College</subfield>
    <subfield code="2">naf</subfield>
    <subfield code="t">2011</subfield>
  </datafield>
  <datafield tag="374" ind1=" " ind2=" ">
    <subfield code="a">Journalists</subfield>
    <subfield code="a">College teachers</subfield>
    <subfield code="a">Authors</subfield>
    <subfield code="2">lcsh</subfield>
  </datafield>
  <datafield tag="375" ind1=" " ind2=" ">
    <subfield code="a">male</subfield>
  </datafield>
  <datafield tag="377" ind1=" " ind2=" ">
    <subfield code="a">eng</subfield>
  </datafield>
  <datafield tag="400" ind1="1" ind2=" ">
    <subfield code="a">Ruehlmann, Bill,</subfield>
    <subfield code="d">1946-</subfield>
  </datafield>
  <datafield tag="670" ind1=" " ind2=" ">
    <subfield code="a">Saint with a gun, 1984 :</subfield>
    <subfield code="b">title page (William Ruehlmann) cover (William Ruehlmann born in Cincinnati. He received a B.A. from American University in Washington, D.C., an M.A. from University of Arizona, and Ph.D. from the University of Cincinnati)</subfield>
  </datafield>
  <datafield tag="670" ind1=" " ind2=" ">
    <subfield code="a">Virginia Wesleyan College WWW site, viewed July 9, 2014:</subfield>
    <subfield code="b">News and Events page, May 10, 2011 (Dr. William “Bill” Ruehlmann, professor of journalism and communications and adviser for the Marlin Chronicle student newspaper, to retire after 18 years at Virginia Wesleyan College)</subfield>
    <subfield code="u">http://www.vwc.edu/news-a-events/faculty-features/ruehlmann-signs-off</subfield>
  </datafield>
</record>